<?xml version="1.0" encoding="UTF-8"?><collection xmlns="http://www.loc.gov/MARC21/slim"><record><leader>00485nam--2200181-i-4500</leader><controlfield tag="001">000026908</controlfield><controlfield tag="002">20161230</controlfield><controlfield tag="005">20161230201036</controlfield><controlfield tag="008">060222s1000------------r-----000-0-ger-d</controlfield><datafield ind1=" " ind2=" " tag="040"><subfield code="a">IFIN-HH</subfield></datafield><datafield ind1=" " ind2=" " tag="041"><subfield code="a">ger</subfield></datafield><datafield ind1=" " ind2=" " tag="080"><subfield code="a">53.002</subfield></datafield><datafield ind1="1" ind2=" " tag="100"><subfield code="a">Kohlrausch, F</subfield></datafield><datafield ind1="1" ind2="0" tag="245"><subfield code="a">Praktische physik. zum gebrauch fur unterricht, forschung und technik. vol. 1</subfield><subfield code="c">F. kohlrausch</subfield></datafield><datafield ind1=" " ind2=" " tag="260"><subfield code="a">Stuttgart</subfield><subfield code="b">B.G.Teubner</subfield><subfield code="c">1968</subfield></datafield><datafield ind1=" " ind2=" " tag="300"><subfield code="a">621P</subfield></datafield><datafield ind1=" " ind2=" " tag="852"><subfield code="a">76285</subfield><subfield code="c">53</subfield></datafield><datafield ind1=" " ind2=" " tag="CAT"><subfield code="a">Sys</subfield><subfield code="c">20150812</subfield><subfield code="h">160619</subfield></datafield></record></collection>